@Misc{DMTN-140,
  author = {G. Comoretto, L. P. Guy et all},
   title = "{Documentation Automation for the Verification and Validation of Rubin Observatory Software}",
    year = 2020,
  handle = {DMTN-140},
     url = {https://dmtn-140.lsst.io/}
}
